<record xmlns='http://www.loc.gov/MARC21/slim'><leader>02098cam a2200517 i 4500</leader><controlfield tag='001'>7291584</controlfield><controlfield tag='005'>20170623153638.0</controlfield><controlfield tag='008'>150427t20152015ja       b    000 0 jpn c</controlfield><datafield ind1=' ' ind2=' ' tag='010'><subfield code='a'>  2015389994</subfield></datafield><datafield ind1=' ' ind2=' ' tag='020'><subfield code='a'>9784791768615</subfield></datafield><datafield ind1=' ' ind2=' ' tag='020'><subfield code='a'>4791768612</subfield></datafield><datafield ind1=' ' ind2=' ' tag='035'><subfield code='a'>(OCoLC)908016009</subfield></datafield><datafield ind1=' ' ind2=' ' tag='040'><subfield code='a'>JaToTRC</subfield><subfield code='b'>eng</subfield><subfield code='e'>rda</subfield><subfield code='c'>TRCLS</subfield><subfield code='d'>DLC</subfield><subfield code='d'>LTSCA</subfield><subfield code='d'>OCLCF</subfield><subfield code='d'>COO</subfield><subfield code='d'>OCLCO</subfield><subfield code='d'>OCLCQ</subfield><subfield code='d'>OCL</subfield><subfield code='d'>ZCU</subfield><subfield code='d'>OCLCO</subfield><subfield code='d'>ANL</subfield></datafield><datafield ind1=' ' ind2=' ' tag='042'><subfield code='a'>lccopycat</subfield><subfield code='a'>pcc</subfield></datafield><datafield ind1=' ' ind2=' ' tag='043'><subfield code='a'>a-ja---</subfield></datafield><datafield ind1='0' ind2='0' tag='050'><subfield code='a'>DS822.4</subfield><subfield code='b'>.U36 2015</subfield></datafield><datafield ind1=' ' ind2=' ' tag='084'><subfield code='a'>304</subfield><subfield code='2'>njb/9</subfield></datafield><datafield ind1='1' ind2=' ' tag='100'><subfield code='6'>880-01</subfield><subfield code='a'>Ueno, Chizuko,</subfield><subfield code='d'>1948-</subfield><subfield code='e'>Interviewee.</subfield></datafield><datafield ind1='1' ind2=' ' tag='880'><subfield code='6'>100-01</subfield><subfield code='a'>上野千鶴子,</subfield><subfield code='d'>1948-</subfield><subfield code='e'>Interviewee.</subfield></datafield><datafield ind1='1' ind2='0' tag='240'><subfield code='a'>Interviews.</subfield><subfield code='k'>Selections</subfield></datafield><datafield ind1='1' ind2='0' tag='245'><subfield code='6'>880-02</subfield><subfield code='a'>Shisō o katachi ni suru :</subfield><subfield code='b'>Ueno Chizuko taidanshū /</subfield><subfield code='c'>chosha Ueno Chizuko.</subfield></datafield><datafield ind1='1' ind2='0' tag='880'><subfield code='6'>245-02</subfield><subfield code='a'>思想をかたちにする :</subfield><subfield code='b'>上野千鶴子対談集 /</subfield><subfield code='c'>著者上野千鶴子.</subfield></datafield><datafield ind1=' ' ind2='1' tag='264'><subfield code='6'>880-03</subfield><subfield code='a'>Tōkyō :</subfield><subfield code='b'>Seidosha,</subfield><subfield code='c'>2015.</subfield></datafield><datafield ind1=' ' ind2='1' tag='880'><subfield code='6'>264-03</subfield><subfield code='a'>東京 :</subfield><subfield code='b'>青土社,</subfield><subfield code='c'>2015.</subfield></datafield><datafield ind1=' ' ind2='4' tag='264'><subfield code='c'>©2015</subfield></datafield><datafield ind1=' ' ind2=' ' tag='300'><subfield code='a'>405 pages ;</subfield><subfield code='c'>20 cm</subfield></datafield><datafield ind1=' ' ind2=' ' tag='336'><subfield code='a'>text</subfield><subfield code='2'>rdacontent</subfield></datafield><datafield ind1=' ' ind2=' ' tag='337'><subfield code='a'>unmediated</subfield><subfield code='2'>rdamedia</subfield></datafield><datafield ind1=' ' ind2=' ' tag='338'><subfield code='a'>volume</subfield><subfield code='2'>rdacarrier</subfield></datafield><datafield ind1=' ' ind2=' ' tag='380'><subfield code='a'>Interviews</subfield><subfield code='2'>lcgft</subfield></datafield><datafield ind1=' ' ind2=' ' tag='500'><subfield code='6'>880-05</subfield><subfield code='a'>Interviews of Ueno Chizuko with Oguma Eiji and six others.</subfield></datafield><datafield ind1=' ' ind2=' ' tag='500'><subfield code='6'>500-05</subfield><subfield code='a'>Interviews of 上野千鶴子 with 小熊英二 and six others.</subfield></datafield><datafield ind1=' ' ind2=' ' tag='500'><subfield code='6'>500-05</subfield><subfield code='a'>Interviews of 上野千鶴子 with 小熊英二 and six others.</subfield></datafield><datafield ind1=' ' ind2=' ' tag='504'><subfield code='a'>Includes bibliographical references.</subfield></datafield><datafield ind1='1' ind2='0' tag='600'><subfield code='6'>880-04</subfield><subfield code='a'>Ueno, Chizuko,</subfield><subfield code='d'>1948-</subfield><subfield code='v'>Interviews.</subfield></datafield><datafield ind1='1' ind2='4' tag='880'><subfield code='6'>600-04</subfield><subfield code='a'>上野千鶴子,</subfield><subfield code='d'>1948-</subfield><subfield code='v'>Interviews.</subfield></datafield><datafield ind1='1' ind2='7' tag='600'><subfield code='a'>Ueno, Chizuko,</subfield><subfield code='d'>1948-</subfield><subfield code='2'>fast</subfield><subfield code='0'>(OCoLC)fst00110155</subfield></datafield><datafield ind1=' ' ind2='7' tag='648'><subfield code='a'>1900-1999</subfield><subfield code='2'>fast</subfield></datafield><datafield ind1=' ' ind2='7' tag='650'><subfield code='a'>Civilization.</subfield><subfield code='2'>fast</subfield><subfield code='0'>(OCoLC)fst00862898</subfield></datafield><datafield ind1=' ' ind2='7' tag='650'><subfield code='a'>Political and social views.</subfield><subfield code='2'>fast</subfield><subfield code='0'>(OCoLC)fst01353986</subfield></datafield><datafield ind1=' ' ind2='0' tag='651'><subfield code='a'>Japan</subfield><subfield code='x'>Civilization</subfield><subfield code='y'>20th century.</subfield></datafield><datafield ind1=' ' ind2='7' tag='651'><subfield code='a'>Japan.</subfield><subfield code='2'>fast</subfield><subfield code='0'>(OCoLC)fst01204082</subfield></datafield><datafield ind1=' ' ind2='7' tag='655'><subfield code='a'>Interviews.</subfield><subfield code='2'>fast</subfield><subfield code='0'>(OCoLC)fst01423832</subfield></datafield><datafield ind1=' ' ind2='7' tag='655'><subfield code='a'>Interviews.</subfield><subfield code='2'>lcgft</subfield></datafield><datafield ind1='1' ind2=' ' tag='700'><subfield code='6'>880-06</subfield><subfield code='a'>Oguma, Eiji,</subfield><subfield code='d'>1962-</subfield><subfield code='e'>interviewer.</subfield></datafield><datafield ind1='1' ind2=' ' tag='880'><subfield code='6'>700-06</subfield><subfield code='a'>小熊英二,</subfield><subfield code='d'>1962-</subfield><subfield code='e'>interviewer.</subfield></datafield></record>